<?xml version="1.0" encoding="UTF-8"?><collection xmlns="http://www.loc.gov/MARC21/slim"><record><leader>00560nam--2200181-i-4500</leader><controlfield tag="001">000049623</controlfield><controlfield tag="002">20161230</controlfield><controlfield tag="005">20161230201047</controlfield><controlfield tag="008">060222s1000------------r-----000-0-eng-d</controlfield><datafield ind1=" " ind2=" " tag="040"><subfield code="a">IFIN-HH</subfield></datafield><datafield ind1=" " ind2=" " tag="080"><subfield code="a">539.172.17:539.171.6(61.3)</subfield></datafield><datafield ind1="1" ind2=" " tag="100"><subfield code="a">Berinde, A</subfield></datafield><datafield ind1="1" ind2="0" tag="245"><subfield code="a">Heavy ion physics</subfield><subfield code="b">Proceedings predeal international school 1978</subfield><subfield code="c">A. berinde, v. ceausescu, i.a. dorobantu (eds.)</subfield></datafield><datafield ind1=" " ind2=" " tag="260"><subfield code="a">Bucharest</subfield><subfield code="b">Central Institute Of Physics</subfield><subfield code="c">1978</subfield></datafield><datafield ind1=" " ind2=" " tag="300"><subfield code="a">1219P</subfield></datafield><datafield ind1="1" ind2=" " tag="700"><subfield code="a">Dorobantu, I.A</subfield><subfield code="e">Ed</subfield></datafield><datafield ind1=" " ind2=" " tag="852"><subfield code="a">46642</subfield><subfield code="c">539.17</subfield></datafield><datafield ind1=" " ind2=" " tag="CAT"><subfield code="a">Sys</subfield><subfield code="c">20120618</subfield><subfield code="h">152720</subfield></datafield></record></collection>